@online{MariaDB_EarlyDatabaseModels,
  author = {MariaDB},
  title = {Exploring Early Database Models},
  year = 2015,
  url = {https://mariadb.com/kb/en/library/exploring-early-database-models/},
  urldate = {2019-02-17}
}
@online{MariaDB_HierarchicalDatabaseModel,
  author = {MariaDB},
  title = {Understanding the Hierarchical Database Model},
  year = 2015,
  url = {https://mariadb.com/kb/en/library/understanding-the-hierarchical-database-model/},
  urldate = {2019-02-18}
}
@book{Elmasri_FundamentalsOfDatabaseSystems,
  title = {Fundamentals of Database Systems},
  author = {Ramez Elmasri - Shamkant B. Navathe},
  isbn = {9780136086208},
  year = {2010},
  publisher = {Pearson},
  edition = {6}
}
@article{Codd_RelationalModelofDataLargeSharedDataBanks,
  author = {F. Codd, E},
  year = {1970},
  month = {01},
  pages = {377-387},
  title = {A Relational Model of Data for Large Shared Data Banks},
  volume = {13},
  journal = {Commun. ACM},
  doi = {10.1007/978-3-642-48354-7_4}
}
@online{Stackoverflow_WhatAreDatabaseConstraints, 
  author = {Alex - Henning},
  title = {What are database constraints?}, 
  howpublished = {Stackoverflow},
  year = 2010,
  url = {https://stackoverflow.com/a/2571323},
  urldate = {2019-02-19}
}